@Manual{R-base,
  title = {R: A Language and Environment for Statistical Computing},
  author = {{R Core Team}},
  organization = {R Foundation for Statistical Computing},
  address = {Vienna, Austria},
  year = {2024},
  url = {https://www.R-project.org/},
}
@Manual{R-papaja,
  title = {{papaja}: {Prepare} reproducible {APA} journal articles with {R Markdown}},
  author = {Frederik Aust and Marius Barth},
  year = {2025},
  note = {R package version 0.1.4},
  url = {https://github.com/crsh/papaja},
  doi = {10.32614/CRAN.package.papaja},
}
@Manual{R-tinylabels,
  title = {{tinylabels}: Lightweight variable labels},
  author = {Marius Barth},
  year = {2025},
  note = {R package version 0.2.5},
  url = {https://cran.r-project.org/package=tinylabels},
  doi = {10.32614/CRAN.package.tinylabels},
}
@Manual{R-dplyr,
  title = {dplyr: A Grammar of Data Manipulation},
  author = {Hadley Wickham and Romain François and Lionel Henry and Kirill Müller and Davis Vaughan},
  year = {2023},
  note = {R package version 1.1.4},
  url = {https://CRAN.R-project.org/package=dplyr},
}
@Book{R-ggplot2,
  author = {Hadley Wickham},
  title = {ggplot2: Elegant Graphics for Data Analysis},
  publisher = {Springer-Verlag New York},
  year = {2016},
  isbn = {978-3-319-24277-4},
  url = {https://ggplot2.tidyverse.org},
}
@Manual{R-groundhog,
  title = {groundhog: Version-Control for CRAN, GitHub, and GitLab Packages},
  author = {Uri Simonsohn and Hugo Gruson},
  year = {2025},
  note = {R package version 3.2.3},
  url = {https://CRAN.R-project.org/package=groundhog},
}
@Book{R-knitr,
  title = {Dynamic Documents with {R} and knitr},
  author = {Yihui Xie},
  publisher = {Chapman and Hall/CRC},
  address = {Boca Raton, Florida},
  year = {2015},
  edition = {2nd},
  note = {ISBN 978-1498716963},
  url = {https://yihui.org/knitr/},
}
@Manual{R-labelled,
  title = {labelled: Manipulating Labelled Data},
  author = {Joseph Larmarange},
  year = {2025},
  note = {R package version 2.14.0},
  url = {https://CRAN.R-project.org/package=labelled},
}
@Manual{R-psych,
  title = {psych: Procedures for Psychological, Psychometric, and Personality Research},
  author = {{William Revelle}},
  organization = {Northwestern University},
  address = {Evanston, Illinois},
  year = {2025},
  note = {R package version 2.5.3},
  url = {https://CRAN.R-project.org/package=psych},
}
